<?xml version="1.0" encoding="UTF-8"?>
<record xmlns="http://www.loc.gov/MARC21/slim">
   <leader>01090cam a22002055a 4500</leader>
   <controlfield tag="001">4139682</controlfield>
   <controlfield tag="003">NjP</controlfield>
   <controlfield tag="005">20180411173956.0</controlfield>
   <controlfield tag="008">020404q19901999ir            000 0 ara  </controlfield>
   <datafield tag="024" ind1="7" ind2=" ">
      <subfield code="a">princeton_aco004985</subfield>
      <subfield code="2">local</subfield>
   </datafield>
   <datafield ind1=" " ind2=" " tag="010">
      <subfield code="a">  2002362213</subfield>
   </datafield>
   <datafield ind1=" " ind2=" " tag="040">
      <subfield code="a">DLC-R</subfield>
      <subfield code="c">DLC-R</subfield>
      <subfield code="d">NjP</subfield>
   </datafield>
   <datafield ind1="1" ind2=" " tag="100">
      <subfield code="a">Ibn Ḥajar al-Haythamī, Aḥmad ibn Muḥammad,</subfield>
      <subfield code="d">approximately 1503-approximately 1566.</subfield>
      <subfield code="0">http://id.loc.gov/authorities/names/n82165741</subfield>
   </datafield>
   <datafield ind1="1" ind2="3" tag="245">
      <subfield code="a">al-Fatāwá al-Ḥadīthīyah /</subfield>
      <subfield code="c">taʾlīf Aḥmad ibn Muḥammad ibn ʻAlī ibn Ḥajar al-Haytamī al-Makkī al-Miṣrī al-Shāfiʻī al-Saʻdī al-Anṣārī Shihāb al-Dīn, Abī al-ʻAbbās.</subfield>
   </datafield>
   <datafield ind1=" " ind2=" " tag="260">
      <subfield code="a">Karājī :</subfield>
      <subfield code="b">Qadīmī Kutub Khānah,</subfield>
      <subfield code="c">[199-?]</subfield>
   </datafield>
   <datafield ind1=" " ind2=" " tag="300">
      <subfield code="a">461 p. ;</subfield>
      <subfield code="c">25 cm.</subfield>
   </datafield>
   <datafield ind1=" " ind2=" " tag="520">
      <subfield code="a">Fatwas; Islamic law; Hadith (Shiites); early works to 1800.</subfield>
   </datafield>
   <datafield ind1=" " ind2="0" tag="650">
      <subfield code="a">Fatwas.</subfield>
      <subfield code="0">http://id.loc.gov/authorities/subjects/sh85047475</subfield>
   </datafield>
   <datafield ind1=" " ind2="0" tag="650">
      <subfield code="a">Hadith</subfield>
      <subfield code="v">Early works to 1800.</subfield>
      <subfield code="0">http://id.loc.gov/authorities/subjects/sh86008156</subfield>
   </datafield>
   <datafield ind1=" " ind2=" " tag="904">
      <subfield code="a">mnc</subfield>
      <subfield code="b">a</subfield>
      <subfield code="h">m</subfield>
      <subfield code="c">b</subfield>
      <subfield code="e">20040323</subfield>
   </datafield>
   <datafield ind1=" " ind2=" " tag="902">
      <subfield code="a">jab</subfield>
      <subfield code="b">m</subfield>
      <subfield code="6">a</subfield>
      <subfield code="7">m</subfield>
      <subfield code="d">v</subfield>
      <subfield code="f">1</subfield>
      <subfield code="e">20040324</subfield>
   </datafield>
   <datafield ind1="0" ind2="0" tag="852">
      <subfield code="0">4413940</subfield>
      <subfield code="b">nec</subfield>
      <subfield code="h">KBP491</subfield>
      <subfield code="i">.I264 1990z</subfield>
   </datafield>
   <datafield ind1=" " ind2=" " tag="959">
      <subfield code="a">2004-03-23 13:50:36 -0400</subfield>
   </datafield>
</record>
